@article{hoge09,
    author  = "鶴岡 雅能",
    yomi    = "つるおか まさよし",
    title   = "massamanの卒論(あとで変える)",
    journal = "卒業論文",
    volume  = "31",
    number  = "3",
    pages   = "194-201",
    year    = "2019",
}
@inproceedings{hoge08,
    author     = "Masayoshi Tsuruoka",
    title      = "The Graduation Thesis made by massaman",
    booktitle  = "The Proceedings of The Hoge Society",
    year       = "2020"
}
@misc{kurokobo10,
    author       = "@massaman",
    howpublished = "{http://wiki.kurokobo.com/index.php?LaTeX}"
}
@article{mag_guide12,
    title        = "修士論文のまとめ方について",
    journal      = "大学院ガイド",
    author       = "慶應義塾大学政策・メディア研究科",
    pages        = "39-40"
}
